<?xml version="1.0" encoding="UTF-8"?>
<collection xmlns:xsi="http://www.w3.org/2001/XMLSchema-instance" xsi:schemaLocation="http://www.loc.gov/MARC21/slim http://www.loc.gov/standards/marcxml/schema/MARC21slim.xsd" xmlns="http://www.loc.gov/MARC21/slim">
<record>
  <leader>00656cam a22002051  4500</leader>
  <controlfield tag="001">3076974</controlfield>
  <controlfield tag="003">NNC</controlfield>
  <controlfield tag="005">20140725103824.0</controlfield>
  <controlfield tag="008">010829s1946    ua            000 0 ara d</controlfield>
  <datafield tag="035" ind1=" " ind2=" ">
    <subfield code="a">(OCoLC)ocm47865887</subfield>
  </datafield>
  <datafield tag="035" ind1=" " ind2=" ">
    <subfield code="9">ATQ0602CU</subfield>
  </datafield>
  <datafield tag="035" ind1=" " ind2=" ">
    <subfield code="a">(NNC)3076974</subfield>
  </datafield>
  <datafield tag="040" ind1=" " ind2=" ">
    <subfield code="a">ZCU</subfield>
    <subfield code="c">ZCU</subfield>
  </datafield>
  <datafield tag="099" ind1=" " ind2=" ">
    <subfield code="a">893.7T136</subfield>
    <subfield code="a">S4</subfield>
  </datafield>
  <datafield tag="100" ind1="1" ind2=" ">
    <subfield code="a">Taymūr, Maḥmūd,</subfield>
    <subfield code="d">1894-1973.</subfield>
  </datafield>
  <datafield tag="245" ind1="1" ind2="0">
    <subfield code="a">Kliyūbatra fī Khān al-Khalīlī</subfield>
    <subfield code="b">[min mudhakkirāt Muḥyī-al-Dīn Farīd aḥad muwaẓẓafī Wizārat al-Khārijīyah al-Miṣrīyah]</subfield>
  </datafield>
  <datafield tag="260" ind1=" " ind2=" ">
    <subfield code="a">[al-Qāhirah,</subfield>
    <subfield code="b">Maṭb. al-Istiqāmah,</subfield>
    <subfield code="c">1946]</subfield>
  </datafield>
  <datafield tag="300" ind1=" " ind2=" ">
    <subfield code="a">215 p.</subfield>
  </datafield>
  <datafield tag="500" ind1=" " ind2=" ">
    <subfield code="a">1st ed.: 1946.</subfield>
  </datafield>
  <datafield tag="955" ind1=" " ind2=" ">
    <subfield code="b">CU58889434</subfield>
    <subfield code="d">off,glx</subfield>
    <subfield code="e">893.7T136 S4</subfield>
  </datafield>
</record>
</collection>